@misc{Atmel:samr21-datasheet,
  title = {SAM R21 Datasheet},
  url={http://ww1.microchip.com/downloads/en/devicedoc/sam-r21_datasheet.pdf},
  publisher={Atmel}
}